@book{sartre,
  title     = {Being and Nothingness},
  origtitle = {L'Être et le Néant: Essai d'ontologie phénoménologique},
  language  = {English},
  origlanguage={French},
  subtitle  = {An Essay in Phenomenological Ontology},
  author    = {Jean-Paul Sartre},
  translator= {Sarah Richmond},
  foreword  = {Richard Moran},
  introduction = {Sarah Richmond},
  publisher = {Washington Square Press},
  origpublisher={Éditions Gallimard},
  location  = {New York},
  isbn      = {978-1-9821-0544-0},
  date      = {2021-09},
  origdate  = {1943},
  url       = {https://www.simonandschuster.com/books/Being-and-Nothingness/Jean-Paul-Sartre/9781982105440}
}
@misc{enwiki:995672467,
  author = {Wikipedia},
  title = "Eidetic reduction --- {Wikipedia}{,} The Free Encyclopedia",
  year = "2020",
  howpublished = "\url{https://en.wikipedia.org/w/index.php?title=Eidetic_reduction&oldid=995672467}",
  note = "[Online; accessed 23-December-2021]"
}
